{
  "leader": "03742cas a2200661 a 4500",
  "fields": [
    {
      "001": "ocm01762962\\"
    },
    {
      "003": "OCoLC"
    },
    {
      "005": "20220712101447.0"
    },
    {
      "008": "751101d195619uunyu\\x\\\\\\\\\\\\\\\\\\0\\\\\\a0eng\\c"
    },
    {
      "010": {
        "ind1": "\\",
        "ind2": "\\",
        "subfields": [
          {
            "a": "   60000652 "
          },
          {
            "z": "sn 79009265 "
          }
        ]
      }
    },
    {
      "040": {
        "ind1": "\\",
        "ind2": "\\",
        "subfields": [
          {
            "a": "MUL"
          },
          {
            "b": "eng"
          },
          {
            "c": "MUL"
          },
          {
            "d": "NSD"
          },
          {
            "d": "OCL"
          },
          {
            "d": "NSD"
          },
          {
            "d": "OCL"
          },
          {
            "d": "DLC"
          },
          {
            "d": "RCS"
          },
          {
            "d": "NSD"
          },
          {
            "d": "DLC"
          },
          {
            "d": "NSD"
          },
          {
            "d": "NST"
          },
          {
            "d": "DLC"
          },
          {
            "d": "NST"
          },
          {
            "d": "DLC"
          },
          {
            "d": "OCL"
          },
          {
            "d": "DLC"
          },
          {
            "d": "NLM"
          },
          {
            "d": "OCLCQ"
          },
          {
            "d": "OCLCF"
          },
          {
            "d": "OCLCO"
          },
          {
            "d": "OCLCQ"
          },
          {
            "d": "L2U"
          },
          {
            "d": "OCLCO"
          },
          {
            "d": "OCLCA"
          }
        ]
      }
    },
    {
      "012": {
        "ind1": "\\",
        "ind2": "\\",
        "subfields": [
          {
            "b": "3"
          },
          {
            "e": "n"
          },
          {
            "i": "9012"
          },
          {
            "j": "0"
          }
        ]
      }
    },
    {
      "016": {
        "ind1": "7",
        "ind2": "\\",
        "subfields": [
          {
            "a": "0376454"
          },
          {
            "2": "DNLM"
          }
        ]
      }
    },
    {
      "016": {
        "ind1": "7",
        "ind2": "\\",
        "subfields": [
          {
            "a": "P48320000"
          },
          {
            "2": "DNLM"
          }
        ]
      }
    },
    {
      "019": {
        "ind1": "\\",
        "ind2": "\\",
        "subfields": [
          {
            "a": "4898630"
          },
          {
            "a": "1011966558"
          },
          {
            "a": "1031602477"
          },
          {
            "a": "1031602478"
          },
          {
            "a": "1036350189"
          },
          {
            "a": "1114933333"
          },
          {
            "a": "1197528088"
          },
          {
            "a": "1198562099"
          },
          {
            "a": "1236050365"
          }
        ]
      }
    },
    {
      "022": {
        "ind1": "0",
        "ind2": "\\",
        "subfields": [
          {
            "a": "0555-4098"
          },
          {
            "l": "0555-4098"
          },
          {
            "2": "1"
          }
        ]
      }
    },
    {
      "035": {
        "ind1": "\\",
        "ind2": "\\",
        "subfields": [
          {
            "a": "(OCoLC)1762962"
          },
          {
            "z": "(OCoLC)4898630"
          },
          {
            "z": "(OCoLC)1011966558"
          },
          {
            "z": "(OCoLC)1031602477"
          },
          {
            "z": "(OCoLC)1031602478"
          },
          {
            "z": "(OCoLC)1036350189"
          },
          {
            "z": "(OCoLC)1114933333"
          },
          {
            "z": "(OCoLC)1197528088"
          },
          {
            "z": "(OCoLC)1198562099"
          },
          {
            "z": "(OCoLC)1236050365"
          }
        ]
      }
    },
    {
      "042": {
        "ind1": "\\",
        "ind2": "\\",
        "subfields": [
          {
            "a": "nsdp"
          },
          {
            "a": "pcc"
          }
        ]
      }
    },
    {
      "050": {
        "ind1": "0",
        "ind2": "0",
        "subfields": [
          {
            "a": "QH652"
          },
          {
            "b": ".B5"
          }
        ]
      }
    },
    {
      "060": {
        "ind1": "0",
        "ind2": "0",
        "subfields": [
          {
            "a": "W1"
          },
          {
            "b": "PR6749"
          }
        ]
      }
    },
    {
      "082": {
        "ind1": "0",
        "ind2": "4",
        "subfields": [
          {
            "a": "612.01448"
          },
          {
            "b": "BIO"
          }
        ]
      }
    },
    {
      "222": {
        "ind1": "\\",
        "ind2": "0",
        "subfields": [
          {
            "a": "Progress in nuclear energy. Series 6. Biological sciences"
          }
        ]
      }
    },
    {
      "245": {
        "ind1": "0",
        "ind2": "0",
        "subfields": [
          {
            "a": "Biological sciences."
          }
        ]
      }
    },
    {
      "260": {
        "ind1": "\\",
        "ind2": "\\",
        "subfields": [
          {
            "a": "New York :"
          },
          {
            "b": "Pergamon Press,"
          },
          {
            "c": "1956-"
          }
        ]
      }
    },
    {
      "300": {
        "ind1": "\\",
        "ind2": "\\",
        "subfields": [
          {
            "a": "volumes :"
          },
          {
            "b": "illustrations ;"
          },
          {
            "c": "24 cm."
          }
        ]
      }
    },
    {
      "310": {
        "ind1": "\\",
        "ind2": "\\",
        "subfields": [
          {
            "a": "Irregular"
          }
        ]
      }
    },
    {
      "336": {
        "ind1": "\\",
        "ind2": "\\",
        "subfields": [
          {
            "a": "text"
          },
          {
            "b": "txt"
          },
          {
            "2": "rdacontent"
          }
        ]
      }
    },
    {
      "337": {
        "ind1": "\\",
        "ind2": "\\",
        "subfields": [
          {
            "a": "unmediated"
          },
          {
            "b": "n"
          },
          {
            "2": "rdamedia"
          }
        ]
      }
    },
    {
      "338": {
        "ind1": "\\",
        "ind2": "\\",
        "subfields": [
          {
            "a": "volume"
          },
          {
            "b": "nc"
          },
          {
            "2": "rdacarrier"
          }
        ]
      }
    },
    {
      "362": {
        "ind1": "0",
        "ind2": "\\",
        "subfields": [
          {
            "a": "Vol. 1-"
          }
        ]
      }
    },
    {
      "490": {
        "ind1": "1",
        "ind2": "\\",
        "subfields": [
          {
            "a": "Progress in nuclear energy"
          }
        ]
      }
    },
    {
      "530": {
        "ind1": "\\",
        "ind2": "\\",
        "subfields": [
          {
            "a": "Also issued online."
          }
        ]
      }
    },
    {
      "580": {
        "ind1": "\\",
        "ind2": "\\",
        "subfields": [
          {
            "a": "Consists of edited papers from the Proceedings of the 1st International Conference on the Peaceful Uses of Atomic Energy."
          }
        ]
      }
    },
    {
      "580": {
        "ind1": "\\",
        "ind2": "\\",
        "subfields": [
          {
            "a": "Merged with: Physics and mathematics, ISSN 0555-4055; Reactors, ISSN 0555-4063; Process chemistry, ISSN 0079-6514; Technology, engineering, and safety, ISSN 0079-6522; Metallurgy and fuels, ISSN 0555-408X; Medical sciences, ISSN 0555-4101; The economics of nuclear power, including administration and law, ISSN 0555-411X; Analytical chemistry, ISSN 0079-6530; Law and administration, ISSN 0079-6549; Plasma physics and thermonuclear research, ISSN 0555-4136; Health physics, ISSN 0079-6557; to form: Progress in nuclear energy, ISSN 0149-1970."
          }
        ]
      }
    },
    {
      "650": {
        "ind1": "\\",
        "ind2": "0",
        "subfields": [
          {
            "a": "Radiation"
          },
          {
            "x": "Physiological effect."
          }
        ]
      }
    },
    {
      "650": {
        "ind1": "\\",
        "ind2": "7",
        "subfields": [
          {
            "a": "Radiation"
          },
          {
            "x": "Physiological effect."
          },
          {
            "2": "fast"
          },
          {
            "0": "(OCoLC)fst01086873"
          }
        ]
      }
    },
    {
      "650": {
        "ind1": "1",
        "ind2": "2",
        "subfields": [
          {
            "a": "Radiation."
          }
        ]
      }
    },
    {
      "650": {
        "ind1": "2",
        "ind2": "2",
        "subfields": [
          {
            "a": "Radiation Effects."
          }
        ]
      }
    },
    {
      "650": {
        "ind1": "2",
        "ind2": "2",
        "subfields": [
          {
            "a": "Nuclear Physics."
          }
        ]
      }
    },
    {
      "655": {
        "ind1": "\\",
        "ind2": "2",
        "subfields": [
          {
            "a": "Periodical."
          }
        ]
      }
    },
    {
      "711": {
        "ind1": "2",
        "ind2": "\\",
        "subfields": [
          {
            "a": "International Conference on the Peaceful Uses of Atomic Energy."
          }
        ]
      }
    },
    {
      "776": {
        "ind1": "0",
        "ind2": "8",
        "subfields": [
          {
            "i": "Online version:"
          },
          {
            "t": "Biological sciences"
          },
          {
            "w": "(OCoLC)564710995"
          }
        ]
      }
    },
    {
      "785": {
        "ind1": "1",
        "ind2": "7",
        "subfields": [
          {
            "t": "Physics and mathematics"
          },
          {
            "x": "0555-4055"
          },
          {
            "w": "(DLC)   58003149"
          },
          {
            "w": "(OCoLC)1989374"
          }
        ]
      }
    },
    {
      "785": {
        "ind1": "1",
        "ind2": "7",
        "subfields": [
          {
            "t": "Reactors (London, England)"
          },
          {
            "x": "0555-4063"
          },
          {
            "w": "(DLC)   56058266"
          },
          {
            "w": "(OCoLC)1696536"
          }
        ]
      }
    },
    {
      "785": {
        "ind1": "1",
        "ind2": "7",
        "subfields": [
          {
            "t": "Process chemistry"
          },
          {
            "x": "0079-6514"
          },
          {
            "w": "(DLC)   59016839"
          },
          {
            "w": "(OCoLC)1716161"
          }
        ]
      }
    },
    {
      "785": {
        "ind1": "1",
        "ind2": "7",
        "subfields": [
          {
            "t": "Technology, engineering, and safety"
          },
          {
            "x": "0079-6522"
          },
          {
            "w": "(DLC)   56058265"
          },
          {
            "w": "(OCoLC)1762960"
          }
        ]
      }
    },
    {
      "785": {
        "ind1": "1",
        "ind2": "7",
        "subfields": [
          {
            "t": "Medical sciences (London, England)"
          },
          {
            "x": "0555-4101"
          },
          {
            "w": "(DLC)   59002897"
          },
          {
            "w": "(OCoLC)1604726"
          }
        ]
      }
    },
    {
      "785": {
        "ind1": "1",
        "ind2": "7",
        "subfields": [
          {
            "t": "Economics of nuclear power, including administration and law"
          },
          {
            "x": "0555-411X"
          },
          {
            "w": "(DLC)   57031385"
          },
          {
            "w": "(OCoLC)2007416"
          }
        ]
      }
    },
    {
      "785": {
        "ind1": "1",
        "ind2": "7",
        "subfields": [
          {
            "t": "Analytical chemistry (Oxford, England)"
          },
          {
            "x": "0079-6530"
          },
          {
            "w": "(DLC)   59008283"
          },
          {
            "w": "(OCoLC)1762963"
          }
        ]
      }
    },
    {
      "785": {
        "ind1": "1",
        "ind2": "7",
        "subfields": [
          {
            "t": "Law and administration"
          },
          {
            "x": "0079-6549"
          },
          {
            "w": "(DLC)   59008165"
          },
          {
            "w": "(OCoLC)1775902"
          }
        ]
      }
    },
    {
      "785": {
        "ind1": "1",
        "ind2": "7",
        "subfields": [
          {
            "t": "Plasma physics and thermonuclear research"
          },
          {
            "x": "0555-4136"
          },
          {
            "w": "(DLC)   59008282"
          },
          {
            "w": "(OCoLC)2266267"
          }
        ]
      }
    },
    {
      "785": {
        "ind1": "1",
        "ind2": "7",
        "subfields": [
          {
            "t": "Health physics (New York, N.Y. : 1959)"
          },
          {
            "x": "0079-6557"
          },
          {
            "w": "(DLC)   59008281"
          },
          {
            "w": "(OCoLC)1590298"
          }
        ]
      }
    },
    {
      "785": {
        "ind1": "1",
        "ind2": "7",
        "subfields": [
          {
            "t": "Progress in nuclear energy"
          },
          {
            "x": "0149-1970"
          },
          {
            "w": "(DLC)   80649668"
          },
          {
            "w": "(OCoLC)6883174"
          }
        ]
      }
    },
    {
      "830": {
        "ind1": "\\",
        "ind2": "0",
        "subfields": [
          {
            "a": "Progress in nuclear energy (New York, N.Y. : 1956)"
          }
        ]
      }
    },
    {
      "850": {
        "ind1": "\\",
        "ind2": "\\",
        "subfields": [
          {
            "a": "DLC"
          },
          {
            "a": "NN"
          },
          {
            "a": "NSyU"
          },
          {
            "a": "NcD"
          },
          {
            "a": "NjR"
          }
        ]
      }
    },
    {
      "994": {
        "ind1": "\\",
        "ind2": "\\",
        "subfields": [
          {
            "a": "Z0"
          },
          {
            "b": "NYRVC"
          }
        ]
      }
    },
    {
      "948": {
        "ind1": "\\",
        "ind2": "\\",
        "subfields": [
          {
            "h": "NO HOLDINGS IN NYRVC - 165 OTHER HOLDINGS"
          }
        ]
      }
    },
    {
      "999": {
        "ind1": "\\",
        "ind2": "\\",
        "subfields": [
          {
            "a": "00000000012932"
          },
          {
            "v": "Volume 1"
          }
        ]
      }
    }
  ]
}